<?xml version="1.0"?>
<marc:records xmlns:marc="http://www.loc.gov/MARC21/slim" xmlns:xsi="http://www.w3.org/2001/XMLSchema-instance" xsi:schemaLocation="http://www.loc.gov/MARC21/slim http://www.loc.gov/standards/marcxml/schema/MARC21slim.xsd">
  <marc:record>
    <marc:leader>02285ntm a2200277 u 4500</marc:leader>
    <marc:controlfield tag="001">9977637282003681</marc:controlfield>
    <marc:controlfield tag="005">20200203235502.0</marc:controlfield>
    <marc:controlfield tag="008">200129q17451753stk           000 0 eng d</marc:controlfield>
    <marc:datafield ind1=" " ind2=" " tag="035">
  <marc:subfield code="a">(OCoLC)on1138738941</marc:subfield>
</marc:datafield>
    <marc:datafield ind1=" " ind2=" " tag="035">
  <marc:subfield code="a">(OCoLC)1138738941</marc:subfield>
</marc:datafield>
    <marc:datafield ind1=" " ind2=" " tag="040">
  <marc:subfield code="b">eng</marc:subfield>
  <marc:subfield code="c">PAU</marc:subfield>
</marc:datafield>
    <marc:datafield ind1=" " ind2="9" tag="099">
  <marc:subfield code="a">Misc Mss Box 24 Folder 16</marc:subfield>
</marc:datafield>
    <marc:datafield ind1="0" ind2="0" tag="245">
  <marc:subfield code="a">Home of Billie family legal records,</marc:subfield>
  <marc:subfield code="f">after 1745-1753.</marc:subfield>
</marc:datafield>
    <marc:datafield ind1=" " ind2=" " tag="300">
  <marc:subfield code="a">5</marc:subfield>
  <marc:subfield code="f">items (5 leaves) :</marc:subfield>
  <marc:subfield code="b">paper.</marc:subfield>
</marc:datafield>
    <marc:datafield ind1="0" ind2=" " tag="505">
  <marc:subfield code="a">1. Memoriall for Mr. Home of Billy [after 1745] -- 2. Memoriall for Mr. Home of Billy [2 April 1753] -- 3. Memorandum for Mr. Home of Billy [supporting document to 2 April 1753 memorial] -- 4. Answers to the memoriall and queries for Mr. Home of Billy [2 April 1753] -- 5. Memorial for Mr. Home of Billy [supporting document to 2 April 1753 answers]</marc:subfield>
</marc:datafield>
    <marc:datafield ind1=" " ind2=" " tag="520">
  <marc:subfield code="a">Five legal documents (3 bifolia, 2 folios) concerning land and estate matters of the Home of Billie family, particularly Ninian Home of Billie.  The document that may be the earliest, referring to 1744 and 1745, is incomplete with a catchword at the end of the bifolium and no pagination.  The other four documents are a group; either dated 2 April 1753 or with notes on them relating them to the documents dated 2 April 1753; and signed by Robert Craigie, probably the Scottish advocate and judge who in 1754 began serving as Lord President of the Court of Session, the most senior judge in Scotland's courts. These four also have armorial watermarks that are difficult to see.  The two bifolia dated 2 April 1753 are paginated separately.</marc:subfield>
</marc:datafield>
    <marc:datafield ind1="1" ind2=" " tag="561">
  <marc:subfield code="a">Sold at auction at Bloomsbury Auctions (London), 23 February 2017, as part of lot 59.</marc:subfield>
</marc:datafield>
    <marc:datafield ind1="0" ind2="0" tag="600">
  <marc:subfield code="a">Home, Ninian</marc:subfield>
  <marc:subfield code="v">Trials, litigation, etc.</marc:subfield>
  <marc:subfield code="v">Early works to 1800.</marc:subfield>
</marc:datafield>
    <marc:datafield ind1=" " ind2="0" tag="650">
  <marc:subfield code="a">Land titles</marc:subfield>
  <marc:subfield code="z">Scotland</marc:subfield>
  <marc:subfield code="v">Early works to 1800.</marc:subfield>
</marc:datafield>
    <marc:datafield ind1=" " ind2="0" tag="650">
  <marc:subfield code="a">Real property</marc:subfield>
  <marc:subfield code="z">Scotland</marc:subfield>
  <marc:subfield code="y">Early works to 1800.</marc:subfield>
</marc:datafield>
    <marc:datafield ind1=" " ind2="7" tag="655">
  <marc:subfield code="a">Manuscripts, Scottish</marc:subfield>
  <marc:subfield code="y">18th century.</marc:subfield>
  <marc:subfield code="2">local</marc:subfield>
</marc:datafield>
    <marc:datafield ind1=" " ind2="7" tag="655">
  <marc:subfield code="a">Manuscripts, English</marc:subfield>
  <marc:subfield code="y">18th century.</marc:subfield>
  <marc:subfield code="2">local</marc:subfield>
</marc:datafield>
    <marc:datafield ind1=" " ind2="0" tag="655">
  <marc:subfield code="a">Manuscripts, European.</marc:subfield>
</marc:datafield>
    <marc:datafield ind1="1" ind2=" " tag="700">
  <marc:subfield code="a">Craigie, Robert,</marc:subfield>
  <marc:subfield code="d">1685-1760,</marc:subfield>
  <marc:subfield code="e">signer.</marc:subfield>
</marc:datafield>
    <marc:datafield ind1="0" ind2=" " tag="773">
  <marc:subfield code="t">Miscellaneous Manuscripts.</marc:subfield>
  <marc:subfield code="g">Box 24 Folder 16</marc:subfield>
</marc:datafield>
    <marc:datafield ind1=" " ind2=" " tag="852">
  <marc:subfield code="b">Kislak Center for Special Collections, Rare Books and Manuscripts</marc:subfield>
  <marc:subfield code="a">University of Pennsylvania</marc:subfield>
  <marc:subfield code="e">3420 Walnut Street, Philadelphia, Pennsylvania 19104-6206.</marc:subfield>
  <marc:subfield code="j">Misc Mss Box 24 Folder 16</marc:subfield>
</marc:datafield>
    <marc:holdings>
      <marc:holding>
        <marc:holding_id>22607122340003681</marc:holding_id>
        <marc:call_number>Misc Mss Box 24 Folder 16</marc:call_number>
        <marc:library>KislakCntr</marc:library>
        <marc:location>scmss</marc:location>
      </marc:holding>
    </marc:holdings>
  </marc:record>
</marc:records>
